<record xmlns="http://www.loc.gov/MARC21/slim" xmlns:xsi="http://www.w3.org/2001/XMLSchema-instance" xsi:schemaLocation="http://www.loc.gov/MARC21/slim http://www.loc.gov/standards/marcxml/schema/MARC21slim.xsd"><leader>02636nam a2200409   4500</leader><controlfield tag="001">1651236</controlfield><controlfield tag="003">NIC</controlfield><controlfield tag="006">m        d        </controlfield><controlfield tag="007">cr cn |||m|||a</controlfield><controlfield tag="008">150113s1954    ua      ob    000 0 ara d</controlfield><datafield ind1=" " ind2=" " tag="040"><subfield code="a">NNU</subfield><subfield code="b">eng</subfield><subfield code="e">rda</subfield><subfield code="c">NNU</subfield></datafield><datafield ind1="0" ind2="0" tag="245"><subfield code="6">880-01</subfield><subfield code="a">Ash&#699;a&#772;r al-shu&#699;ara&#772;&#700; al-sittah al-ja&#772;hili&#772;yi&#772;n :</subfield><subfield code="b">ikhti&#772;ya&#772;ra&#772;t min al-shi&#699;r al-ja&#772;hili&#772; : al-mukhta&#772;r min shi&#699;r Imri&#700; al-Qays, wa-&#699;Alqamah ibn &#699;Abdah, wa-al-Na&#772;bighah, wa-Zuhayr, wa-T&#803;arafah, wa-&#699;Antarah al-&#699;Absi&#772; /</subfield><subfield code="c">ikhtiya&#772;r al-Yu&#772;suf ibn Sulayma&#772;n ibn &#699;I&#772;sa&#769; al-ma&#699;ru&#772;f bil-A&#699;lam al-Shantamari&#772; ; sharh&#803; wa-ta&#699;li&#772;q Muh&#803;ammad &#699;Abd al-Mun&#699;im al-Khafa&#772;ji&#772;.</subfield></datafield><datafield ind1=" " ind2=" " tag="250"><subfield code="6">880-02</subfield><subfield code="a">al-T&#803;ab&#699;ah 1.</subfield></datafield><datafield ind1=" " ind2=" " tag="260"><subfield code="6">880-03</subfield><subfield code="a">[al-Qa&#772;hirah] :</subfield><subfield code="b">Maktabat &#699;Abd al-H&#803;ami&#772;d Ah&#803;mad H&#803;anafi&#772;,</subfield><subfield code="c">1954.</subfield></datafield><datafield ind1=" " ind2=" " tag="300"><subfield code="a">online resource (2 volumes in 1)</subfield></datafield><datafield ind1=" " ind2=" " tag="336"><subfield code="a">text</subfield><subfield code="2">rdacontent</subfield></datafield><datafield ind1=" " ind2=" " tag="337"><subfield code="a">computer</subfield><subfield code="2">rdamedia</subfield></datafield><datafield ind1=" " ind2=" " tag="338"><subfield code="a">online resource</subfield><subfield code="2">rdacarrier</subfield></datafield><datafield ind1=" " ind2=" " tag="500"><subfield code="a">Part of the Arabic Collections Online (ACO) project, contributed by Cornell University Libraries.</subfield></datafield><datafield ind1=" " ind2=" " tag="504"><subfield code="a">Includes bibliographical references.</subfield></datafield><datafield ind1=" " ind2=" " tag="533"><subfield code="a">Electronic reproduction.</subfield><subfield code="b">New York, N.Y. :</subfield><subfield code="c">New York University,</subfield><subfield code="d">2015.</subfield><subfield code="5">NNU</subfield></datafield><datafield ind1=" " ind2="0" tag="650"><subfield code="a">Arabic poetry</subfield><subfield code="y">To 622.</subfield></datafield><datafield ind1=" " ind2="7" tag="650"><subfield code="a">Arabic poetry.</subfield><subfield code="2">fast</subfield><subfield code="0">(OCoLC)fst00812533</subfield></datafield><datafield ind1=" " ind2="7" tag="648"><subfield code="a">To 622</subfield><subfield code="2">fast</subfield></datafield><datafield ind1="1" ind2=" " tag="700"><subfield code="6">880-04</subfield><subfield code="a">A&#699;lam al-Shantamari&#772;, Yu&#772;suf ibn Sulayma&#772;n,</subfield><subfield code="d">1019 or 1020-1083 or 1084.</subfield></datafield><datafield ind1="1" ind2=" " tag="700"><subfield code="6">880-05</subfield><subfield code="a">Khafa&#772;ji&#772;, Muh&#803;ammad &#699;Abd al-Mun&#699;im.</subfield></datafield><datafield ind1="2" ind2=" " tag="710"><subfield code="a">Cornell University.</subfield><subfield code="b">Libraries.</subfield></datafield><datafield ind1="0" ind2=" " tag="730"><subfield code="a">Arabic Collections Online.</subfield></datafield><datafield ind1="0" ind2="8" tag="776"><subfield code="i">Print version:</subfield><subfield code="t">Ash&#699;a&#772;r al-shu&#699;ara&#772;&#700; al-sittah al-ja&#772;hili&#772;yi&#772;n</subfield><subfield code="w">(NIC)1651236</subfield><subfield code="w">(OCoLC)64016912</subfield></datafield><datafield ind1="4" ind2="0" tag="856"><subfield code="u">http://hdl.handle.net/2333.1/9cnp5kzx</subfield></datafield><datafield ind1="0" ind2="0" tag="880"><subfield code="6">245-01/r</subfield><subfield code="a">&#1575;&#1588;&#1593;&#1575;&#1585; &#1575;&#1604;&#1588;&#1593;&#1585;&#1575;&#1569; &#1575;&#1604;&#1587;&#1578;&#1577; &#1575;&#1604;&#1580;&#1575;&#1607;&#1604;&#1610;&#1610;&#1606; :</subfield><subfield code="b">&#1575;&#1582;&#1578;&#1610;&#1575;&#1585;&#1575;&#1578; &#1605;&#1606; &#1575;&#1604;&#1588;&#1593;&#1585; &#1575;&#1604;&#1580;&#1575;&#1607;&#1604;&#1610; : &#1575;&#1604;&#1605;&#1582;&#1578;&#1575;&#1585; &#1605;&#1606; &#1588;&#1593;&#1585; &#1575;&#1605;&#1585;&#1574; &#1575;&#1604;&#1602;&#1610;&#1587;&#1548; &#1608;&#1593;&#1604;&#1602;&#1605;&#1577; &#1576;&#1606; &#1593;&#1576;&#1583;&#1577;&#1548; &#1608;&#1575;&#1604;&#1606;&#1575;&#1576;&#1594;&#1577;&#1548; &#1608;&#1586;&#1607;&#1610;&#1585;&#1548; &#1608;&#1591;&#1585;&#1601;&#1577;&#1548; &#1608;&#1593;&#1606;&#1578;&#1585;&#1577; &#1575;&#1604;&#1593;&#1576;&#1587;&#1610; /</subfield><subfield code="c">&#1575;&#1582;&#1578;&#1610;&#1575;&#1585; &#1575;&#1604;&#1610;&#1608;&#1587;&#1601; &#1576;&#1606; &#1587;&#1604;&#1610;&#1605;&#1575;&#1606; &#1576;&#1606; &#1593;&#1610;&#1587;&#1609; &#1575;&#1604;&#1605;&#1593;&#1585;&#1608;&#1601; &#1576;&#1575;&#1604;&#1571;&#1593;&#1604;&#1605; &#1575;&#1604;&#1588;&#1606;&#1578;&#1605;&#1585;&#1610; &#1563; &#1588;&#1585;&#1581; &#1608;&#1578;&#1593;&#1604;&#1610;&#1602; &#1605;&#1581;&#1605;&#1583; &#1593;&#1576;&#1583; &#1575;&#1604;&#1605;&#1606;&#1593;&#1605; &#1575;&#1604;&#1582;&#1601;&#1575;&#1580;&#1610;.</subfield></datafield><datafield ind1=" " ind2=" " tag="880"><subfield code="6">250-02/r</subfield><subfield code="a">&#1575;&#1604;&#1591;&#1576;&#1593;&#1577; 1.</subfield></datafield><datafield ind1=" " ind2=" " tag="880"><subfield code="6">260-03/r</subfield><subfield code="a">[&#1575;&#1604;&#1602;&#1575;&#1607;&#1585;&#1577;] :</subfield><subfield code="b">&#1605;&#1603;&#1578;&#1576;&#1577; &#1593;&#1576;&#1583; &#1575;&#1604;&#1581;&#1605;&#1610;&#1583; &#1575;&#1581;&#1605;&#1583; &#1581;&#1606;&#1601;&#1610;&#1548;</subfield><subfield code="c">1954.</subfield></datafield><datafield ind1="1" ind2=" " tag="880"><subfield code="6">700-04/r</subfield><subfield code="a">&#1575;&#1593;&#1604;&#1605; &#1575;&#1604;&#1588;&#1606;&#1578;&#1605;&#1585;&#1610;&#1548; &#1610;&#1608;&#1587;&#1601; &#1576;&#1606; &#1587;&#1604;&#1610;&#1605;&#1575;&#1606;&#1548;</subfield><subfield code="d">1019 or 1020-1083 or 1084.</subfield></datafield><datafield ind1="1" ind2=" " tag="880"><subfield code="6">700-05/r</subfield><subfield code="a">&#1582;&#1601;&#1575;&#1580;&#1610;&#1548; &#1605;&#1581;&#1605;&#1583; &#1593;&#1576;&#1583; &#1575;&#1604;&#1605;&#1606;&#1593;&#1605;.</subfield></datafield><datafield ind1=" " ind2=" " tag="959"><subfield code="a">NNU</subfield><subfield code="b">WEB</subfield><subfield code="c">GENI</subfield><subfield code="t">0</subfield><subfield code="m">Electronic access</subfield><subfield code="s">01</subfield></datafield><datafield ind1=" " ind2=" " tag="999"><subfield code="i">NIC_1651236</subfield><subfield code="o">(OCoLC)ocm64016912</subfield></datafield></record>